%YAML 1.1
%TAG !u! tag:unity3d.com,2011:
--- !u!1 &7847571936000579885
GameObject:
  m_ObjectHideFlags: 0
  m_CorrespondingSourceObject: {fileID: 0}
  m_PrefabInstance: {fileID: 0}
  m_PrefabAsset: {fileID: 0}
  serializedVersion: 6
  m_Component:
  - component: {fileID: 7847571936000579884}
  - component: {fileID: 1465939221351168888}
  m_Layer: 0
  m_Name: Floor_A
  m_TagString: Untagged
  m_Icon: {fileID: 0}
  m_NavMeshLayer: 0
  m_StaticEditorFlags: 0
  m_IsActive: 1
--- !u!4 &7847571936000579884
Transform:
  m_ObjectHideFlags: 0
  m_CorrespondingSourceObject: {fileID: 0}
  m_PrefabInstance: {fileID: 0}
  m_PrefabAsset: {fileID: 0}
  m_GameObject: {fileID: 7847571936000579885}
  m_LocalRotation: {x: 0, y: 0, z: 0, w: 1}
  m_LocalPosition: {x: 2.18, y: 1.28, z: -35.21}
  m_LocalScale: {x: 1, y: 1, z: 1}
  m_Children:
  - {fileID: 7737910275003375822}
  - {fileID: 7737910273781493171}
  - {fileID: 7737910274405956780}
  - {fileID: 7737910274389817770}
  - {fileID: 7737910273707830381}
  - {fileID: 7737910274773406920}
  - {fileID: 7737910274479135681}
  m_Father: {fileID: 0}
  m_RootOrder: 0
  m_LocalEulerAnglesHint: {x: 0, y: 0, z: 0}
--- !u!65 &1465939221351168888
BoxCollider:
  m_ObjectHideFlags: 0
  m_CorrespondingSourceObject: {fileID: 0}
  m_PrefabInstance: {fileID: 0}
  m_PrefabAsset: {fileID: 0}
  m_GameObject: {fileID: 7847571936000579885}
  m_Material: {fileID: 0}
  m_IsTrigger: 0
  m_Enabled: 1
  serializedVersion: 2
  m_Size: {x: 4.74, y: 13.35, z: 6.56}
  m_Center: {x: 0, y: -6.62, z: 0.05}
--- !u!1001 &7847571934544299813
PrefabInstance:
  m_ObjectHideFlags: 0
  serializedVersion: 2
  m_Modification:
    m_TransformParent: {fileID: 7847571936000579884}
    m_Modifications:
    - target: {fileID: -8679921383154817045, guid: 1556b29cab3cbab4da9638394176465e,
        type: 3}
      propertyPath: m_LocalPosition.x
      value: -0.03999996
      objectReference: {fileID: 0}
    - target: {fileID: -8679921383154817045, guid: 1556b29cab3cbab4da9638394176465e,
        type: 3}
      propertyPath: m_LocalPosition.y
      value: -4.49
      objectReference: {fileID: 0}
    - target: {fileID: -8679921383154817045, guid: 1556b29cab3cbab4da9638394176465e,
        type: 3}
      propertyPath: m_LocalPosition.z
      value: -0.030002594
      objectReference: {fileID: 0}
    - target: {fileID: -8679921383154817045, guid: 1556b29cab3cbab4da9638394176465e,
        type: 3}
      propertyPath: m_LocalRotation.x
      value: -0.49997753
      objectReference: {fileID: 0}
    - target: {fileID: -8679921383154817045, guid: 1556b29cab3cbab4da9638394176465e,
        type: 3}
      propertyPath: m_LocalRotation.y
      value: -0.50002253
      objectReference: {fileID: 0}
    - target: {fileID: -8679921383154817045, guid: 1556b29cab3cbab4da9638394176465e,
        type: 3}
      propertyPath: m_LocalRotation.z
      value: -0.50002253
      objectReference: {fileID: 0}
    - target: {fileID: -8679921383154817045, guid: 1556b29cab3cbab4da9638394176465e,
        type: 3}
      propertyPath: m_LocalRotation.w
      value: 0.49997753
      objectReference: {fileID: 0}
    - target: {fileID: -8679921383154817045, guid: 1556b29cab3cbab4da9638394176465e,
        type: 3}
      propertyPath: m_RootOrder
      value: 0
      objectReference: {fileID: 0}
    - target: {fileID: -8679921383154817045, guid: 1556b29cab3cbab4da9638394176465e,
        type: 3}
      propertyPath: m_LocalEulerAnglesHint.x
      value: -90.00001
      objectReference: {fileID: 0}
    - target: {fileID: -8679921383154817045, guid: 1556b29cab3cbab4da9638394176465e,
        type: 3}
      propertyPath: m_LocalEulerAnglesHint.y
      value: 0
      objectReference: {fileID: 0}
    - target: {fileID: -8679921383154817045, guid: 1556b29cab3cbab4da9638394176465e,
        type: 3}
      propertyPath: m_LocalEulerAnglesHint.z
      value: -90.005005
      objectReference: {fileID: 0}
    - target: {fileID: -8679921383154817045, guid: 1556b29cab3cbab4da9638394176465e,
        type: 3}
      propertyPath: m_LocalScale.x
      value: 0.1
      objectReference: {fileID: 0}
    - target: {fileID: -8679921383154817045, guid: 1556b29cab3cbab4da9638394176465e,
        type: 3}
      propertyPath: m_LocalScale.y
      value: 0.1
      objectReference: {fileID: 0}
    - target: {fileID: -8679921383154817045, guid: 1556b29cab3cbab4da9638394176465e,
        type: 3}
      propertyPath: m_LocalScale.z
      value: 0.1
      objectReference: {fileID: 0}
    - target: {fileID: 919132149155446097, guid: 1556b29cab3cbab4da9638394176465e,
        type: 3}
      propertyPath: m_Name
      value: Wall_02
      objectReference: {fileID: 0}
    m_RemovedComponents: []
  m_SourcePrefab: {fileID: 100100000, guid: 1556b29cab3cbab4da9638394176465e, type: 3}
--- !u!4 &7737910275003375822 stripped
Transform:
  m_CorrespondingSourceObject: {fileID: -8679921383154817045, guid: 1556b29cab3cbab4da9638394176465e,
    type: 3}
  m_PrefabInstance: {fileID: 7847571934544299813}
  m_PrefabAsset: {fileID: 0}
--- !u!1001 &7847571934765888291
PrefabInstance:
  m_ObjectHideFlags: 0
  serializedVersion: 2
  m_Modification:
    m_TransformParent: {fileID: 7847571936000579884}
    m_Modifications:
    - target: {fileID: -8679921383154817045, guid: d08efb485b0d1eb498e1b23ef6dac09e,
        type: 3}
      propertyPath: m_LocalPosition.x
      value: -1.1920002
      objectReference: {fileID: 0}
    - target: {fileID: -8679921383154817045, guid: d08efb485b0d1eb498e1b23ef6dac09e,
        type: 3}
      propertyPath: m_LocalPosition.y
      value: -0.29599994
      objectReference: {fileID: 0}
    - target: {fileID: -8679921383154817045, guid: d08efb485b0d1eb498e1b23ef6dac09e,
        type: 3}
      propertyPath: m_LocalPosition.z
      value: -3.2800026
      objectReference: {fileID: 0}
    - target: {fileID: -8679921383154817045, guid: d08efb485b0d1eb498e1b23ef6dac09e,
        type: 3}
      propertyPath: m_LocalRotation.x
      value: -0.5000007
      objectReference: {fileID: 0}
    - target: {fileID: -8679921383154817045, guid: d08efb485b0d1eb498e1b23ef6dac09e,
        type: 3}
      propertyPath: m_LocalRotation.y
      value: 0.4999993
      objectReference: {fileID: 0}
    - target: {fileID: -8679921383154817045, guid: d08efb485b0d1eb498e1b23ef6dac09e,
        type: 3}
      propertyPath: m_LocalRotation.z
      value: 0.4999993
      objectReference: {fileID: 0}
    - target: {fileID: -8679921383154817045, guid: d08efb485b0d1eb498e1b23ef6dac09e,
        type: 3}
      propertyPath: m_LocalRotation.w
      value: 0.5000007
      objectReference: {fileID: 0}
    - target: {fileID: -8679921383154817045, guid: d08efb485b0d1eb498e1b23ef6dac09e,
        type: 3}
      propertyPath: m_RootOrder
      value: 5
      objectReference: {fileID: 0}
    - target: {fileID: -8679921383154817045, guid: d08efb485b0d1eb498e1b23ef6dac09e,
        type: 3}
      propertyPath: m_LocalEulerAnglesHint.x
      value: -90.00001
      objectReference: {fileID: 0}
    - target: {fileID: -8679921383154817045, guid: d08efb485b0d1eb498e1b23ef6dac09e,
        type: 3}
      propertyPath: m_LocalEulerAnglesHint.y
      value: 0
      objectReference: {fileID: 0}
    - target: {fileID: -8679921383154817045, guid: d08efb485b0d1eb498e1b23ef6dac09e,
        type: 3}
      propertyPath: m_LocalEulerAnglesHint.z
      value: 90.00001
      objectReference: {fileID: 0}
    - target: {fileID: -8679921383154817045, guid: d08efb485b0d1eb498e1b23ef6dac09e,
        type: 3}
      propertyPath: m_LocalScale.y
      value: -1
      objectReference: {fileID: 0}
    - target: {fileID: 919132149155446097, guid: d08efb485b0d1eb498e1b23ef6dac09e,
        type: 3}
      propertyPath: m_Name
      value: Floor_03 (1)
      objectReference: {fileID: 0}
    m_RemovedComponents: []
  m_SourcePrefab: {fileID: 100100000, guid: d08efb485b0d1eb498e1b23ef6dac09e, type: 3}
--- !u!4 &7737910274773406920 stripped
Transform:
  m_CorrespondingSourceObject: {fileID: -8679921383154817045, guid: d08efb485b0d1eb498e1b23ef6dac09e,
    type: 3}
  m_PrefabInstance: {fileID: 7847571934765888291}
  m_PrefabAsset: {fileID: 0}
--- !u!1001 &7847571935026347050
PrefabInstance:
  m_ObjectHideFlags: 0
  serializedVersion: 2
  m_Modification:
    m_TransformParent: {fileID: 7847571936000579884}
    m_Modifications:
    - target: {fileID: -8679921383154817045, guid: 1556b29cab3cbab4da9638394176465e,
        type: 3}
      propertyPath: m_LocalPosition.x
      value: -0.03999996
      objectReference: {fileID: 0}
    - target: {fileID: -8679921383154817045, guid: 1556b29cab3cbab4da9638394176465e,
        type: 3}
      propertyPath: m_LocalPosition.y
      value: -8.72
      objectReference: {fileID: 0}
    - target: {fileID: -8679921383154817045, guid: 1556b29cab3cbab4da9638394176465e,
        type: 3}
      propertyPath: m_LocalPosition.z
      value: -0.030002594
      objectReference: {fileID: 0}
    - target: {fileID: -8679921383154817045, guid: 1556b29cab3cbab4da9638394176465e,
        type: 3}
      propertyPath: m_LocalRotation.x
      value: -0.500024
      objectReference: {fileID: 0}
    - target: {fileID: -8679921383154817045, guid: 1556b29cab3cbab4da9638394176465e,
        type: 3}
      propertyPath: m_LocalRotation.y
      value: 0.49997604
      objectReference: {fileID: 0}
    - target: {fileID: -8679921383154817045, guid: 1556b29cab3cbab4da9638394176465e,
        type: 3}
      propertyPath: m_LocalRotation.z
      value: 0.49997604
      objectReference: {fileID: 0}
    - target: {fileID: -8679921383154817045, guid: 1556b29cab3cbab4da9638394176465e,
        type: 3}
      propertyPath: m_LocalRotation.w
      value: 0.500024
      objectReference: {fileID: 0}
    - target: {fileID: -8679921383154817045, guid: 1556b29cab3cbab4da9638394176465e,
        type: 3}
      propertyPath: m_RootOrder
      value: 6
      objectReference: {fileID: 0}
    - target: {fileID: -8679921383154817045, guid: 1556b29cab3cbab4da9638394176465e,
        type: 3}
      propertyPath: m_LocalEulerAnglesHint.x
      value: -90.00001
      objectReference: {fileID: 0}
    - target: {fileID: -8679921383154817045, guid: 1556b29cab3cbab4da9638394176465e,
        type: 3}
      propertyPath: m_LocalEulerAnglesHint.y
      value: 0
      objectReference: {fileID: 0}
    - target: {fileID: -8679921383154817045, guid: 1556b29cab3cbab4da9638394176465e,
        type: 3}
      propertyPath: m_LocalEulerAnglesHint.z
      value: 89.994
      objectReference: {fileID: 0}
    - target: {fileID: -8679921383154817045, guid: 1556b29cab3cbab4da9638394176465e,
        type: 3}
      propertyPath: m_LocalScale.x
      value: 0.1
      objectReference: {fileID: 0}
    - target: {fileID: -8679921383154817045, guid: 1556b29cab3cbab4da9638394176465e,
        type: 3}
      propertyPath: m_LocalScale.y
      value: 0.1
      objectReference: {fileID: 0}
    - target: {fileID: -8679921383154817045, guid: 1556b29cab3cbab4da9638394176465e,
        type: 3}
      propertyPath: m_LocalScale.z
      value: 0.1
      objectReference: {fileID: 0}
    - target: {fileID: 919132149155446097, guid: 1556b29cab3cbab4da9638394176465e,
        type: 3}
      propertyPath: m_Name
      value: Wall_02 (1)
      objectReference: {fileID: 0}
    m_RemovedComponents: []
  m_SourcePrefab: {fileID: 100100000, guid: 1556b29cab3cbab4da9638394176465e, type: 3}
--- !u!4 &7737910274479135681 stripped
Transform:
  m_CorrespondingSourceObject: {fileID: -8679921383154817045, guid: 1556b29cab3cbab4da9638394176465e,
    type: 3}
  m_PrefabInstance: {fileID: 7847571935026347050}
  m_PrefabAsset: {fileID: 0}
--- !u!1001 &7847571935124053569
PrefabInstance:
  m_ObjectHideFlags: 0
  serializedVersion: 2
  m_Modification:
    m_TransformParent: {fileID: 7847571936000579884}
    m_Modifications:
    - target: {fileID: -8679921383154817045, guid: 7b033aa29142db5428655df49d5f2015,
        type: 3}
      propertyPath: m_LocalPosition.x
      value: 1.211
      objectReference: {fileID: 0}
    - target: {fileID: -8679921383154817045, guid: 7b033aa29142db5428655df49d5f2015,
        type: 3}
      propertyPath: m_LocalPosition.y
      value: -0.29299998
      objectReference: {fileID: 0}
    - target: {fileID: -8679921383154817045, guid: 7b033aa29142db5428655df49d5f2015,
        type: 3}
      propertyPath: m_LocalPosition.z
      value: 3.310997
      objectReference: {fileID: 0}
    - target: {fileID: -8679921383154817045, guid: 7b033aa29142db5428655df49d5f2015,
        type: 3}
      propertyPath: m_LocalRotation.x
      value: -0.5000007
      objectReference: {fileID: 0}
    - target: {fileID: -8679921383154817045, guid: 7b033aa29142db5428655df49d5f2015,
        type: 3}
      propertyPath: m_LocalRotation.y
      value: -0.4999993
      objectReference: {fileID: 0}
    - target: {fileID: -8679921383154817045, guid: 7b033aa29142db5428655df49d5f2015,
        type: 3}
      propertyPath: m_LocalRotation.z
      value: -0.4999993
      objectReference: {fileID: 0}
    - target: {fileID: -8679921383154817045, guid: 7b033aa29142db5428655df49d5f2015,
        type: 3}
      propertyPath: m_LocalRotation.w
      value: 0.5000007
      objectReference: {fileID: 0}
    - target: {fileID: -8679921383154817045, guid: 7b033aa29142db5428655df49d5f2015,
        type: 3}
      propertyPath: m_RootOrder
      value: 3
      objectReference: {fileID: 0}
    - target: {fileID: -8679921383154817045, guid: 7b033aa29142db5428655df49d5f2015,
        type: 3}
      propertyPath: m_LocalEulerAnglesHint.x
      value: -90.00001
      objectReference: {fileID: 0}
    - target: {fileID: -8679921383154817045, guid: 7b033aa29142db5428655df49d5f2015,
        type: 3}
      propertyPath: m_LocalEulerAnglesHint.y
      value: 0
      objectReference: {fileID: 0}
    - target: {fileID: -8679921383154817045, guid: 7b033aa29142db5428655df49d5f2015,
        type: 3}
      propertyPath: m_LocalEulerAnglesHint.z
      value: -90.00001
      objectReference: {fileID: 0}
    - target: {fileID: -8679921383154817045, guid: 7b033aa29142db5428655df49d5f2015,
        type: 3}
      propertyPath: m_LocalScale.y
      value: -1
      objectReference: {fileID: 0}
    - target: {fileID: 919132149155446097, guid: 7b033aa29142db5428655df49d5f2015,
        type: 3}
      propertyPath: m_Name
      value: Floor_01 (1)
      objectReference: {fileID: 0}
    m_RemovedComponents: []
  m_SourcePrefab: {fileID: 100100000, guid: 7b033aa29142db5428655df49d5f2015, type: 3}
--- !u!4 &7737910274389817770 stripped
Transform:
  m_CorrespondingSourceObject: {fileID: -8679921383154817045, guid: 7b033aa29142db5428655df49d5f2015,
    type: 3}
  m_PrefabInstance: {fileID: 7847571935124053569}
  m_PrefabAsset: {fileID: 0}
--- !u!1001 &7847571935141731143
PrefabInstance:
  m_ObjectHideFlags: 0
  serializedVersion: 2
  m_Modification:
    m_TransformParent: {fileID: 7847571936000579884}
    m_Modifications:
    - target: {fileID: -8679921383154817045, guid: d08efb485b0d1eb498e1b23ef6dac09e,
        type: 3}
      propertyPath: m_LocalPosition.x
      value: 1.208
      objectReference: {fileID: 0}
    - target: {fileID: -8679921383154817045, guid: d08efb485b0d1eb498e1b23ef6dac09e,
        type: 3}
      propertyPath: m_LocalPosition.y
      value: -0.29599994
      objectReference: {fileID: 0}
    - target: {fileID: -8679921383154817045, guid: d08efb485b0d1eb498e1b23ef6dac09e,
        type: 3}
      propertyPath: m_LocalPosition.z
      value: -3.2800026
      objectReference: {fileID: 0}
    - target: {fileID: -8679921383154817045, guid: d08efb485b0d1eb498e1b23ef6dac09e,
        type: 3}
      propertyPath: m_LocalRotation.x
      value: -0.5000007
      objectReference: {fileID: 0}
    - target: {fileID: -8679921383154817045, guid: d08efb485b0d1eb498e1b23ef6dac09e,
        type: 3}
      propertyPath: m_LocalRotation.y
      value: 0.4999993
      objectReference: {fileID: 0}
    - target: {fileID: -8679921383154817045, guid: d08efb485b0d1eb498e1b23ef6dac09e,
        type: 3}
      propertyPath: m_LocalRotation.z
      value: 0.4999993
      objectReference: {fileID: 0}
    - target: {fileID: -8679921383154817045, guid: d08efb485b0d1eb498e1b23ef6dac09e,
        type: 3}
      propertyPath: m_LocalRotation.w
      value: 0.5000007
      objectReference: {fileID: 0}
    - target: {fileID: -8679921383154817045, guid: d08efb485b0d1eb498e1b23ef6dac09e,
        type: 3}
      propertyPath: m_RootOrder
      value: 2
      objectReference: {fileID: 0}
    - target: {fileID: -8679921383154817045, guid: d08efb485b0d1eb498e1b23ef6dac09e,
        type: 3}
      propertyPath: m_LocalEulerAnglesHint.x
      value: -90.00001
      objectReference: {fileID: 0}
    - target: {fileID: -8679921383154817045, guid: d08efb485b0d1eb498e1b23ef6dac09e,
        type: 3}
      propertyPath: m_LocalEulerAnglesHint.y
      value: 0
      objectReference: {fileID: 0}
    - target: {fileID: -8679921383154817045, guid: d08efb485b0d1eb498e1b23ef6dac09e,
        type: 3}
      propertyPath: m_LocalEulerAnglesHint.z
      value: 90.00001
      objectReference: {fileID: 0}
    - target: {fileID: 919132149155446097, guid: d08efb485b0d1eb498e1b23ef6dac09e,
        type: 3}
      propertyPath: m_Name
      value: Floor_03
      objectReference: {fileID: 0}
    m_RemovedComponents: []
  m_SourcePrefab: {fileID: 100100000, guid: d08efb485b0d1eb498e1b23ef6dac09e, type: 3}
--- !u!4 &7737910274405956780 stripped
Transform:
  m_CorrespondingSourceObject: {fileID: -8679921383154817045, guid: d08efb485b0d1eb498e1b23ef6dac09e,
    type: 3}
  m_PrefabInstance: {fileID: 7847571935141731143}
  m_PrefabAsset: {fileID: 0}
--- !u!1001 &7847571935724178008
PrefabInstance:
  m_ObjectHideFlags: 0
  serializedVersion: 2
  m_Modification:
    m_TransformParent: {fileID: 7847571936000579884}
    m_Modifications:
    - target: {fileID: -8679921383154817045, guid: 09990013facef994695a50ef5efba790,
        type: 3}
      propertyPath: m_LocalPosition.x
      value: -0.01999998
      objectReference: {fileID: 0}
    - target: {fileID: -8679921383154817045, guid: 09990013facef994695a50ef5efba790,
        type: 3}
      propertyPath: m_LocalPosition.y
      value: -0.26
      objectReference: {fileID: 0}
    - target: {fileID: -8679921383154817045, guid: 09990013facef994695a50ef5efba790,
        type: 3}
      propertyPath: m_LocalPosition.z
      value: 0.069999695
      objectReference: {fileID: 0}
    - target: {fileID: -8679921383154817045, guid: 09990013facef994695a50ef5efba790,
        type: 3}
      propertyPath: m_LocalRotation.x
      value: -0.5000008
      objectReference: {fileID: 0}
    - target: {fileID: -8679921383154817045, guid: 09990013facef994695a50ef5efba790,
        type: 3}
      propertyPath: m_LocalRotation.y
      value: -0.49999928
      objectReference: {fileID: 0}
    - target: {fileID: -8679921383154817045, guid: 09990013facef994695a50ef5efba790,
        type: 3}
      propertyPath: m_LocalRotation.z
      value: -0.49999928
      objectReference: {fileID: 0}
    - target: {fileID: -8679921383154817045, guid: 09990013facef994695a50ef5efba790,
        type: 3}
      propertyPath: m_LocalRotation.w
      value: 0.5000008
      objectReference: {fileID: 0}
    - target: {fileID: -8679921383154817045, guid: 09990013facef994695a50ef5efba790,
        type: 3}
      propertyPath: m_RootOrder
      value: 1
      objectReference: {fileID: 0}
    - target: {fileID: -8679921383154817045, guid: 09990013facef994695a50ef5efba790,
        type: 3}
      propertyPath: m_LocalEulerAnglesHint.x
      value: -90.00001
      objectReference: {fileID: 0}
    - target: {fileID: -8679921383154817045, guid: 09990013facef994695a50ef5efba790,
        type: 3}
      propertyPath: m_LocalEulerAnglesHint.y
      value: 0
      objectReference: {fileID: 0}
    - target: {fileID: -8679921383154817045, guid: 09990013facef994695a50ef5efba790,
        type: 3}
      propertyPath: m_LocalEulerAnglesHint.z
      value: -90.00001
      objectReference: {fileID: 0}
    - target: {fileID: 919132149155446097, guid: 09990013facef994695a50ef5efba790,
        type: 3}
      propertyPath: m_Name
      value: Wall_01
      objectReference: {fileID: 0}
    m_RemovedComponents: []
  m_SourcePrefab: {fileID: 100100000, guid: 09990013facef994695a50ef5efba790, type: 3}
--- !u!4 &7737910273781493171 stripped
Transform:
  m_CorrespondingSourceObject: {fileID: -8679921383154817045, guid: 09990013facef994695a50ef5efba790,
    type: 3}
  m_PrefabInstance: {fileID: 7847571935724178008}
  m_PrefabAsset: {fileID: 0}
--- !u!1001 &7847571935797840774
PrefabInstance:
  m_ObjectHideFlags: 0
  serializedVersion: 2
  m_Modification:
    m_TransformParent: {fileID: 7847571936000579884}
    m_Modifications:
    - target: {fileID: -8679921383154817045, guid: 7b033aa29142db5428655df49d5f2015,
        type: 3}
      propertyPath: m_LocalPosition.x
      value: -1.1799597
      objectReference: {fileID: 0}
    - target: {fileID: -8679921383154817045, guid: 7b033aa29142db5428655df49d5f2015,
        type: 3}
      propertyPath: m_LocalPosition.y
      value: -0.29299998
      objectReference: {fileID: 0}
    - target: {fileID: -8679921383154817045, guid: 7b033aa29142db5428655df49d5f2015,
        type: 3}
      propertyPath: m_LocalPosition.z
      value: 3.2999973
      objectReference: {fileID: 0}
    - target: {fileID: -8679921383154817045, guid: 7b033aa29142db5428655df49d5f2015,
        type: 3}
      propertyPath: m_LocalRotation.x
      value: -0.5000007
      objectReference: {fileID: 0}
    - target: {fileID: -8679921383154817045, guid: 7b033aa29142db5428655df49d5f2015,
        type: 3}
      propertyPath: m_LocalRotation.y
      value: -0.4999993
      objectReference: {fileID: 0}
    - target: {fileID: -8679921383154817045, guid: 7b033aa29142db5428655df49d5f2015,
        type: 3}
      propertyPath: m_LocalRotation.z
      value: -0.4999993
      objectReference: {fileID: 0}
    - target: {fileID: -8679921383154817045, guid: 7b033aa29142db5428655df49d5f2015,
        type: 3}
      propertyPath: m_LocalRotation.w
      value: 0.5000007
      objectReference: {fileID: 0}
    - target: {fileID: -8679921383154817045, guid: 7b033aa29142db5428655df49d5f2015,
        type: 3}
      propertyPath: m_RootOrder
      value: 4
      objectReference: {fileID: 0}
    - target: {fileID: -8679921383154817045, guid: 7b033aa29142db5428655df49d5f2015,
        type: 3}
      propertyPath: m_LocalEulerAnglesHint.x
      value: -90.00001
      objectReference: {fileID: 0}
    - target: {fileID: -8679921383154817045, guid: 7b033aa29142db5428655df49d5f2015,
        type: 3}
      propertyPath: m_LocalEulerAnglesHint.y
      value: 0
      objectReference: {fileID: 0}
    - target: {fileID: -8679921383154817045, guid: 7b033aa29142db5428655df49d5f2015,
        type: 3}
      propertyPath: m_LocalEulerAnglesHint.z
      value: -90.00001
      objectReference: {fileID: 0}
    - target: {fileID: 919132149155446097, guid: 7b033aa29142db5428655df49d5f2015,
        type: 3}
      propertyPath: m_Name
      value: Floor_01
      objectReference: {fileID: 0}
    m_RemovedComponents: []
  m_SourcePrefab: {fileID: 100100000, guid: 7b033aa29142db5428655df49d5f2015, type: 3}
--- !u!4 &7737910273707830381 stripped
Transform:
  m_CorrespondingSourceObject: {fileID: -8679921383154817045, guid: 7b033aa29142db5428655df49d5f2015,
    type: 3}
  m_PrefabInstance: {fileID: 7847571935797840774}
  m_PrefabAsset: {fileID: 0}
